@inproceedings{heverin2010microblogging,
  title={Microblogging for Crisis Communication: Examination of Twitter Use in Response to a 2009 Violent Crisis in the Seattle-Tacoma, Washington Area},
  author={Heverin, Thomas and Zach, Lisl},
  booktitle={Proceedings of the 7th International ISCRAM Conference--Seattle},
  volume={1},
  year={2010}
}
@inproceedings{abel2012semantics+,
  title={Semantics+ filtering+ search= twitcident. exploring information in social web streams},
  author={Abel, Fabian and Hauff, Claudia and Houben, Geert-Jan and Stronkman, Richard and Tao, Ke},
  booktitle={Proceedings of the 23rd ACM conference on Hypertext and social media},
  pages={285--294},
  year={2012},
  organization={ACM}
}
@inproceedings{marcus2011twitinfo,
  title={Twitinfo: aggregating and visualizing microblogs for event exploration},
  author={Marcus, Adam and Bernstein, Michael S and Badar, Osama and Karger, David R and Madden, Samuel and Miller, Robert C},
  booktitle={Proceedings of the 2011 annual conference on Human factors in computing systems},
  pages={227--236},
  year={2011},
  organization={ACM}
}
@inproceedings{terpstra2012towards,
  title={Towards a realtime Twitter analysis during crises for operational crisis management},
  author={Terpstra, Teun and de Vries, A and Stronkman, R and Paradies, GL},
  booktitle={Proc. of the 9th Inter. ISCRAM Conf},
  year={2012}
}
@misc{Duell:2011:OOI,
  author = {Duell, Mark and Roberts, Hannah},
  title = {Occupy Oakland in flames: Cops use tear gas and protesters are run over on violent night as they shut-down busy shipping port},
  howpublished = {Retrieved March 30, 2012, \url{http://www.dailymail.co.uk/news/article-2056887/Occupy-Oakland-general-strike-Cops-use-tear-gas-protests-turns-violent.html}},
  year = {2011}
}

@misc{Chiaramonte:2011:CMO,
  author = {Chiaramonte, Perry and Jaccarino, Mike},
  title = {Crowd Marches on Brooklyn Bridge After Day of Escalating Violence at 'Occupy' Protests in NYC},
  howpublished = {Retrieved March 30, 2012, \url{http://www.foxnews.com/us/2011/11/17/occupy-protestors-march-on-new-york-stock-exchange/}},
  year = {2011}
}

@inproceedings{Marcus:2011:TAV,
	 author = {Marcus, Adam and Bernstein, Michael S. and Badar, Osama and Karger, David R. and Madden, Samuel and Miller, Robert C.},
	 title = {Twitinfo: aggregating and visualizing microblogs for event exploration},
	 booktitle = {Proceedings of the 2011 annual conference on Human factors in computing systems},
	 series = {CHI '11},
	 year = {2011},
	 isbn = {978-1-4503-0228-9},
	 location = {Vancouver, BC, Canada},
	 pages = {227--236},
	 numpages = {10},
	 url = {http://doi.acm.org/10.1145/1978942.1978975},
	 doi = {10.1145/1978942.1978975},
	 acmid = {1978975},
	 publisher = {ACM},
	 address = {New York, NY, USA},
	 keywords = {twitter visualization streaming aggregate sentiment},
}

@inproceedings{Hong:2010:EST,
	author = {Hong, Liangjie and Davison, Brian D.},
	title = {Empirical study of topic modeling in Twitter},
	booktitle = {Proceedings of the First Workshop on Social Media Analytics},
	series = {SOMA '10},
	year = {2010},
	isbn = {978-1-4503-0217-3},
	location = {Washington D.C., District of Columbia},
	pages = {80--88},
	numpages = {9},
	url = {http://doi.acm.org/10.1145/1964858.1964870},
	doi = {10.1145/1964858.1964870},
	acmid = {1964870},
	publisher = {ACM},
	address = {New York, NY, USA},
	keywords = {Twitter, social media, topic models},
}


@inproceedings{Agichtein:2008:FHC,
	author = {Agichtein, Eugene and Castillo, Carlos and Donato, Debora and Gionis, Aristides and Mishne, Gilad},
	title = {Finding high-quality content in social media},
	booktitle = {Proceedings of the international conference on Web search and web data mining},
	series = {WSDM '08},
	year = {2008},
	isbn = {978-1-59593-927-2},
	location = {Palo Alto, California, USA},
	pages = {183--194},
	numpages = {12},
	url = {http://doi.acm.org/10.1145/1341531.1341557},
	doi = {10.1145/1341531.1341557},
	acmid = {1341557},
	publisher = {ACM},
	address = {New York, NY, USA},
	keywords = {community question answering, media, user interactions},
} 

@inproceedings{AlSumait:2008:OLA,
	author={AlSumait, L. and Barbara, D. and Domeniconi, C.},
	booktitle={Data Mining, 2008. ICDM '08. Eighth IEEE International Conference on},
	title={On-line LDA: Adaptive Topic Models for Mining Text Streams with Applications to Topic Detection and Tracking},
	year={2008},
	month={dec.},
	volume={},
	number={},
	pages={3 -12},
	keywords={adaptive topic model;empirical Bayes method;latent Dirichlet allocation;online LDA;pattern discovery;text stream mining;topic detection;topic tracking;Bayes methods;data mining;text analysis;},
	doi={10.1109/ICDM.2008.140},
	ISSN={1550-4786},
}


@inproceedings{Jackoway:2011:ILN,
	author = {Jackoway, Alan and Samet, Hanan and Sankaranarayanan, Jagan},
	title = {Identification of live news events using Twitter},
	booktitle = {Proceedings of the 3rd ACM SIGSPATIAL International Workshop on Location-Based Social Networks},
	series = {LBSN '11},
	year = {2011},
	isbn = {978-1-4503-1033-8},
	location = {Chicago, Illinois},
	pages = {25--32},
	numpages = {8},
	url = {http://doi.acm.org/10.1145/2063212.2063224},
	doi = {10.1145/2063212.2063224},
	acmid = {2063224},
	publisher = {ACM},
	address = {New York, NY, USA},
	keywords = {Twitter, event detection, future tense, geotagging, tense identification},
} 

@book{national:2013:Public,
  title={Public Response to Alerts and Warnings Using Social Media: Report of a Workshop on Current Knowledge and Research Gaps},
  author={{Committee on Public Response to Alerts and Warnings Using Social Media: Current Knowledge and Research Gaps; Computer on Science and Technology Board; Division on Engineering and Physical Sciences; National Research Council}},
  year={2013},
  publisher={The National Academies Press}
}

@misc{ARC:2010:SMD,
  author = {{American Red Cross}},
  title = {Social Media in Disasters and Emergencies},
  howpublished = {Retrieved March 3, 2013, http://i.dell.com/sites/content/shared-content/campaigns/en/Documents/red-cross-survey-social-media-in-disasters-aug-2010.pdf},
  year = {2010}
}

@misc{TW:2010:SHF,
  author = {Tom Webster},
  title = {The Social Habit - Frequent Social Networkers},
  howpublished = {Retrieved March 3, 2013, \url{http://www.edisonresearch.com/home/archives/2010/06/the_social_habit_frequent_social_networkers_in_america.php}},
  year = {2010}
}

@INPROCEEDINGS{CHAE:2012:SSM, 
	author={Junghoon Chae and Thom, D. and Bosch, H. and Yun Jang and Maciejewski, R. and Ebert, D.S. and Ertl, T.}, 
	booktitle={Visual Analytics Science and Technology, 2012 IEEE Conference on}, 
	title={Spatiotemporal social media analytics for abnormal event detection and examination using seasonal-trend decomposition}, 
	year={Oct.}, 
	pages={143-152}, 
	keywords={Internet;data visualisation;graphical user interfaces;interactive systems;social networking (online);time series;Flickr;Internet user;Twitter;YouTube;abnormal event detection;abnormal topics examination;abnormal topics exploration;control chart method;interactive social media data analysis;interactive visual analysis process;latent Dirichlet allocation;local event;seasonal trend decomposition;seasonal-trend decomposition;situational awareness;social media service;space-time indexed data;spatiotemporal data;spatiotemporal social media analytics;time-stamped geo-located data;topic time series;visual analytics approach;visualization;volume-based importance;Data mining;Earthquakes;Educational institutions;Media;Spatiotemporal phenomena;Time series analysis;Twitter;H.3.3 [Information Storage and Retrieval];H.5.2 [Information Interfaces and Presentation]: User Interfaces ? GUI;Information Search and Retrieval ? Information filtering;relevance feedback}, 
}

@article{Andrienko:2007:GAS,
	author = {Andrienko, G. and Andrienko, N. and Jankowski, P. and Keim, D. and Kraak, M.?J. and MacEachren, A. and Wrobel, S.},
	title = {Geovisual analytics for spatial decision support: Setting the research agenda},
	journal = {International Journal of Geographical Information Science},
	volume = {21},
	number = {8},
	pages = {839-857},
	year = {2007},
}

@ARTICLE{Maciejewski:2010:FHP, 
	author={Maciejewski, R. and Hafen, R. and Rudolph, S. and Larew, S.G. and Mitchell, M.A. and Cleveland, W.S. and Ebert, D.S.}, 
	journal={Visualization and Computer Graphics, IEEE Transactions on}, 
	title={Forecasting Hotspots - A Predictive Analytics Approach}, 
	year={April}, 
	volume={17}, 
	number={4}, 
	pages={440-453},
}

@INPROCEEDINGS{Malik:2011:DTC, 
	author={Malik, A. and Maciejewski, R. and Hodgess, E. and Ebert, D.S.}, 
	booktitle={System Sciences (HICSS), 2011 44th Hawaii International Conference on}, 
	title={Describing Temporal Correlation Spatially in a Visual Analytics Environment}, 
	year={Jan.}, 
	pages={1-8}, 
	keywords={data visualisation;geographic information systems;interactive systems;spatial data structures;time series;visual databases;calendar view window;choropleth map;confidence interval;correlation coefficient;data value;geospatial viewing window;interactive visual analytics system;spatial aggregation;spatial data structure;temporal linear correlation;temporal region;time series;Correlation;Data visualization;Time series analysis;Visual analytics},
}

@article{Andrienko:2003:ESV,
	title = "Exploratory spatio-temporal visualization: an analytical review",
	journal = "Journal of Visual Languages \& Computing",
	volume = "14",
	number = "6",
	pages = "503 - 541",
	year = "2003",
	note = "Visual Data Mining",
	issn = "1045-926X",
	author = "Natalia Andrienko and Gennady Andrienko and Peter Gatalsky"
}

@misc{NYC:2012:HEM,
  author = {{New York City}},
  title = {Hurricane Evacuation Map},
  howpublished = {Retrieved March 3, 2013, 
  \url{http://gis.nyc.gov/oem/he/map.htm}},
  year = {2012}
}

@inproceedings{Terpstra:2012:TRT,
  title={Towards a realtime Twitter analysis during crises for operational crisis management},
  author={Terpstra, Teun and Stronkman, R and de Vries, A and Paradies, GL},
  booktitle={Proceedings of the 9th International ISCRAM Conference. Vancouver, Canada},
  year={2012}
}

@inproceedings{Vieweg:2010:MTN,
  title={Microblogging during two natural hazards events: what twitter may contribute to situational awareness},
  author={Vieweg, Sarah and Hughes, Amanda L and Starbird, Kate and Palen, Leysia},
  booktitle={Proceedings of the 28th international conference on Human factors in computing systems},
  pages={1079--1088},
  year={2010},
  organization={ACM}
}

@misc{WKP:2012:SANDY,
  author = {{Wikipedia}},
  title = {Hurricane Sany},
  howpublished = {Retrieved April 30, 2013, 
  \url{http://en.wikipedia.org/wiki/Hurricane_Sandy}},
  year = {2012}
}

@misc{WKP:2012:EHS,
  author = {{Wikipedia}},
  title = {Effects of Hurricane Sandy in New Jersey},
  howpublished = {Retrieved June 11, 2013, 
  \url{http://en.wikipedia.org/wiki/Effects_of_Hurricane_Sandy_in_New_Jersey}},
  year = {2012}
}

@misc{WKP:2013:MOORE,
  author = {{Wikipedia}},
  title = {2013 Moore tornado},
  howpublished = {Retrieved June 12, 2013, 
  \url{http://en.wikipedia.org/wiki/2013_Moore_tornado}},
  year = {2013}
}

@article{Treisman:1980:FIT,
	title = "A feature-integration theory of attention ",
	journal = "Cognitive Psychology ",
	volume = "12",
	number = "1",
	pages = "97 - 136",
	year = "1980",
	author = "Anne M. Treisman and Garry Gelade"
}

@article{Robinson:2012:DMS,
	title = "Developing map symbol standards through an iterative collaboration process",
	journal = "Environment and Planning B: Planning and Design",
	volume = "39",
	number = "6",
	year = "2012",
	pages = "1034--1048",
	author = "Robinson, Anthony and Roth, Robert and Blanford, Justine and Pezanowski, Scott and MacEachren, Alan"
}

@misc{TWITTER:2013:GOT,
  author = {{Twitter}},
  title = {The geography of Tweets},
  howpublished = {Retrieved August 24, 2013, 
  \url{https://blog.twitter.com/2013/geography-tweets-3}},
  year = {2013}
}

@misc{TWITCHY:2013:CHG,
  author = {{Twitchy}},
  title = {Convoy of hope: Glenn Beck arrives in Okla. with two truckloads of food, water and diapers},
  howpublished = {Retrieved August 26, 2013, 
  \url{http://twitchy.com/2013/05/21/convoy-of-hope-glenn-beck-arrives-in-okla-with-two-truckloads-of-food-water-and-diapers/}},
  year = {2013}
}

@article{Andrienko:2001:ECC,
  title={Exploring changes in census time series with interactive dynamic maps and graphics},
  author={Andrienko, Natalia and Andrienko, Gennady and Gatalsky, Peter},
  journal={Computational statistics},
  volume={16},
  number={3},
  pages={417--433},
  year={2001},
  publisher={Heidelberg: Physica-Verlag,[1992-}
}

@inproceedings{Chae:2013:VAM,
booktitle = {EuroVis Workshop on Visual Analytics},
author = {Junghoon Chae and Dennis Thom and Yun Jang and Sung Ye Kim and Thomas Ertl and David Ebert},
title = {Visual Analytics of Microblog Data for Public Behavior Analysis in Disaster Events},
pages={67--71},
year = {2013}
}

