@inproceedings{Asahara:2011:PMP,
  title={Pedestrian-movement prediction based on mixed Markov-chain model},
  author={Asahara, Akinori and Maruyama, Kishiko and Sato, Akiko and Seto, Kouichi},
  booktitle={Proceedings of the 19th ACM SIGSPATIAL International Conference on Advances in Geographic Information Systems},
  pages={25--33},
  year={2011},
  organization={ACM}
}

@inproceedings{Gambs:2012:NPP,
  title={Next place prediction using mobility markov chains},
  author={Gambs, S{\'e}bastien and Killijian, Marc-Olivier and del Prado Cortez, Miguel N{\'u}{\~n}ez},
  booktitle={Proceedings of the First Workshop on Measurement, Privacy, and Mobility},
  pages={3},
  year={2012},
  organization={ACM}
}

@inproceedings{Ying:2011:STM,
  title={Semantic trajectory mining for location prediction},
  author={Ying, Josh Jia-Ching and Lee, Wang-Chien and Weng, Tz-Chiao and Tseng, Vincent S},
  booktitle={Proceedings of the 19th ACM SIGSPATIAL International Conference on Advances in Geographic Information Systems},
  pages={34--43},
  year={2011},
  organization={ACM}
}

@inproceedings{Wegenkittl:1997:Animating,
  title={Animating flow fields: rendering of oriented line integral convolution},
  author={Wegenkittl, Rainer and Groller, Eduard and Purgathofer, Werner},
  booktitle={Computer Animation'97},
  pages={15--21},
  year={1997},
  organization={IEEE}
}

@inproceedings{Wegenkittl:1997:Fast,
  title={Fast oriented line integral convolution for vector field visualization via the internet},
  author={Wegenkittl, Rainer and Gr{\"o}ller, Eduard},
  booktitle={Proceedings of the 8th conference on Visualization'97},
  pages={309--316},
  year={1997},
  organization={IEEE Computer Society Press}
}

@inproceedings{Cabral:1993:Imaging,
  title={Imaging vector fields using line integral convolution},
  author={Cabral, Brian and Leedom, Leith Casey},
  booktitle={Proceedings of the 20th annual conference on Computer graphics and interactive techniques},
  pages={263--270},
  year={1993},
  organization={ACM}
}

@misc{VW:2015:Windmap,
  author = {{Vi√©gas, Fernanda and Wattenberg, Martin}},
  title = {Wind Map},
  howpublished = {Retrieved April 10, 2015, \url{http://hint.fm/projects/wind/}},
  year = {2015}, 
}

@ARTICLE{Andrienko:2013:STU, 
	author={Andrienko, N. and Andrienko, G. and Barrett, L. and Dostie, M. and Henzi, P.}, 
	journal={IEEE Trans. Visualization and Computer Graphics}, 
	title={Space Transformation for Understanding Group Movement}, 
	year={2013}, 
	month={Dec}, 
	volume={19}, 
	number={12}, 
	pages={2169-2178}, 
	ISSN={1077-2626},
}

@ARTICLE{Adrienko:2011:SGA, 
	author={Adrienko, N. and Adrienko, G.}, 
	journal={IEEE Trans. Visualization and Computer Graphics}, 
	title={Spatial Generalization and Aggregation of Massive Movement Data}, 
	year={2011}, 
	month={Feb}, 
	volume={17}, 
	number={2}, 
	pages={205-219}, 
	ISSN={1077-2626},
}

@article{Breunig:2000:LOF,
 author = {Breunig, Markus M. and Kriegel, Hans-Peter and Ng, Raymond T. and Sander, J\"{o}rg},
 title = {LOF: Identifying Density-based Local Outliers},
 journal = {SIGMOD Rec.},
 issue_date = {June 2000},
 volume = {29},
 number = {2},
 year = {2000},
 pages = {93--104},
 numpages = {12},
} 

@article{Knorr:2000:DOA,
  title={Distance-based outliers: algorithms and applications},
  author={Knorr, Edwin M and Ng, Raymond T and Tucakov, Vladimir},
  journal={The International Journal on Very Large Data Bases},
  volume={8},
  number={3-4},
  pages={237--253},
  year={2000},
  publisher={Springer-Verlag New York, Inc.}
}

@inproceedings{Braga:2011:TCA,
  title={A trajectory correlation algorithm based on users' daily routines},
  author={Braga, Reinaldo Bezerra and Medeiros da Costa, S{\'o}crates de Moraes and Martin, Herv{\'e}},
  booktitle={Proceedings of the 19th ACM SIGSPATIAL International Conference on Advances in Geographic Information Systems},
  pages={501--504},
  year={2011},
  organization={ACM}
}

@article{Jiang:2009:Ranking,
  title={Ranking spaces for predicting human movement in an urban environment},
  author={Jiang, Bin},
  journal={International Journal of Geographical Information Science},
  volume={23},
  number={7},
  pages={823--837},
  year={2009},
  publisher={Taylor \& Francis}
}

@article{Lin:2013:Predicting,
  title={Predicting human movement based on telecom's handoff in mobile networks},
  author={Lin, Yi-Bing and Huang-Fu, Chien-Chun and Alrajeh, Nabil},
  journal={Mobile Computing, IEEE Transactions on},
  volume={12},
  number={6},
  pages={1236--1241},
  year={2013},
  publisher={IEEE}
}

@misc{Weather:2015:Wind,
  author = {{Weather Underground}},
  title = {United States Wind Map},
  howpublished = {Retrieved April 10, 2015, \url{http://www.wunderground.com/US/Region/US/2xWindSpeed.html}},
  year = {2015}, 
}
