@article{Gonzalez:2008:UIH,
  title={Understanding individual human mobility patterns},
  author={Gonzalez, Marta C and Hidalgo, Cesar A and Barabasi, Albert-Laszlo},
  journal={Nature},
  volume={453},
  number={7196},
  pages={779--782},
  year={2008},
  publisher={Nature Publishing Group}
}

@inproceedings{Wei:2012:CPR,
  title={Constructing popular routes from uncertain trajectories},
  author={Wei, Ling-Yin and Zheng, Yu and Peng, Wen-Chih},
  booktitle={Proceedings of the 18th ACM SIGKDD international conference on Knowledge discovery and data mining},
  pages={195--203},
  year={2012},
  organization={ACM}
}

@inproceedings{Yuan:2012:DRO,
  title={Discovering regions of different functions in a city using human mobility and POIs},
  author={Yuan, Jing and Zheng, Yu and Xie, Xing},
  booktitle={Proceedings of the 18th ACM SIGKDD international conference on Knowledge discovery and data mining},
  pages={186--194},
  year={2012},
  organization={ACM}
}

@inproceedings{Yuan:2010:TDD,
  title={T-drive: driving directions based on taxi trajectories},
  author={Yuan, Jing and Zheng, Yu and Zhang, Chengyang and Xie, Wenlei and Xie, Xing and Sun, Guangzhong and Huang, Yan},
  booktitle={Proceedings of the 18th SIGSPATIAL International Conference on Advances in Geographic Information Systems},
  pages={99--108},
  year={2010},
  organization={ACM}
}

@inproceedings{Zheng:2011:UCW,
  title={Urban computing with taxicabs},
  author={Zheng, Yu and Liu, Yanchi and Yuan, Jing and Xie, Xing},
  booktitle={Proceedings of the 13th international conference on Ubiquitous computing},
  pages={89--98},
  year={2011},
  organization={ACM}
}

@inproceedings{Fujisaka:2010:DOU,
  title={Discovery of user behavior patterns from geo-tagged micro-blogs},
  author={Fujisaka, Tatsuya and Lee, Ryong and Sumiya, Kazutoshi},
  booktitle={Proceedings of the 4th International Conference on Uniquitous Information Management and Communication},
  pages={36},
  year={2010},
  organization={ACM}
}

@inproceedings{Cho:2011:FAM,
  title={Friendship and mobility: user movement in location-based social networks},
  author={Cho, Eunjoon and Myers, Seth A and Leskovec, Jure},
  booktitle={Proceedings of the 17th ACM SIGKDD international conference on Knowledge discovery and data mining},
  pages={1082--1090},
  year={2011},
  organization={ACM}
}

@article{Jankowski:2010:Discovering,
  title={Discovering landmark preferences and movement patterns from photo postings},
  author={Jankowski, Piotr and Andrienko, Natalia and Andrienko, Gennady and Kisilevich, Slava},
  journal={Trans. in GIS},
  volume={14},
  number={6},
  pages={833--852},
  year={2010},
  publisher={Wiley Online Library}
}

@inproceedings{Andrienko:2010:Discovering,
  title={Discovering bits of place histories from people's activity traces},
  author={Andrienko, Gennady and Andrienko, Natalia and Mladenov, Martin and Mock, Michael and Politz, C},
  booktitle={IEEE Symposium on Visual Analytics Science and Technology},
  pages={59--66},
  year={2010},
  organization={IEEE}
}

@incollection{Sun:2013:Analyzing,
  title={Analyzing human activities through volunteered geographic information: Using Flickr to analyze spatial and temporal pattern of tourist accommodation},
  author={Sun, Yeran and Fan, Hongchao and Helbich, Marco and Zipf, Alexander},
  booktitle={Progress in Location-Based Services},
  pages={57--69},
  year={2013},
  publisher={Springer}
}

@inproceedings{Ferrari:201:Extracting,
  title={Extracting urban patterns from location-based social networks},
  author={Ferrari, Laura and Rosi, Alberto and Mamei, Marco and Zambonelli, Franco},
  booktitle={Proceedings of the 3rd ACM SIGSPATIAL International Workshop on Location-Based Social Networks},
  pages={9--16},
  year={2011},
  organization={ACM}
}

@article{Zheng:2010:Geolife,
  title={GeoLife: A Collaborative Social Networking Service among User, Location and Trajectory.},
  author={Zheng, Yu and Xie, Xing and Ma, Wei-Ying},
  journal={IEEE Data Eng. Bull.},
  volume={33},
  number={2},
  pages={32--39},
  year={2010},
  publisher={Citeseer}
}

@inproceedings{Hochman:2012:Visualizing,
  title={Visualizing Instagram: Tracing cultural visual rhythms},
  author={Hochman, Nadav and Schwartz, Raz},
  booktitle={Proceedings of the Workshop on Social Media Visualization (SocMedVis) in conjunction with the Sixth International AAAI Conference on Weblogs and Social Media (ICWSM--12)},
  pages={6--9},
  year={2012}
}

@inproceedings{Zin:2013:Knowledge,
  title={Knowledge based Social Network Applications to Disaster Event Analysis},
  author={Zin, Thi Thi and Tin, Pyke and Hama, Hiromitsu and Toriu, Takashi},
  booktitle={Proceedings of the International MultiConference of Engineers and Computer Scientists},
  volume={1},
  year={2013}
}


@article{Snavely:2008:Modeling,
  title={Modeling the world from internet photo collections},
  author={Snavely, Noah and Seitz, Steven M and Szeliski, Richard},
  journal={International Journal of Computer Vision},
  volume={80},
  number={2},
  pages={189--210},
  year={2008},
  publisher={Springer}
}

@article{Eubank:2004:Modelling,
  title={Modelling disease outbreaks in realistic urban social networks},
  author={Eubank, Stephen and Guclu, Hasan and Kumar, VS Anil and Marathe, Madhav V and Srinivasan, Aravind and Toroczkai, Zoltan and Wang, Nan},
  journal={Nature},
  volume={429},
  number={6988},
  pages={180--184},
  year={2004},
  publisher={Nature Publishing Group}
}

@inproceedings{Lee:2007:Trajectory,
  title={Trajectory clustering: a partition-and-group framework},
  author={Lee, Jae-Gil and Han, Jiawei and Whang, Kyu-Young},
  booktitle={ACM SIGMOD international conference on Management of data},
  pages={593--604},
  year={2007},
  organization={ACM}
}

@article{Bengtsson:2011:Improved,
  title={Improved response to disasters and outbreaks by tracking population movements with mobile phone network data: a post-earthquake geospatial study in Haiti},
  author={Bengtsson, Linus and Lu, Xin and Thorson, Anna and Garfield, Richard and Von Schreeb, Johan},
  journal={PLoS medicine},
  volume={8},
  number={8},
  pages={e1001083},
  year={2011},
  publisher={Public Library of Science}
}

@inproceedings{Ester:1996:Density,
  title={A density-based algorithm for discovering clusters in large spatial databases with noise.},
  author={Ester, Martin and Kriegel, Hans-Peter and Sander, J{\"o}rg and Xu, Xiaowei},
  booktitle={Kdd},
  volume={96},
  pages={226--231},
  year={1996}
}

@inproceedings{Ankerst:1999:Optics,
  title={Optics: Ordering points to identify the clustering structure},
  author={Ankerst, Mihael and Breunig, Markus M and Kriegel, Hans-Peter and Sander, J{\"o}rg},
  booktitle={ACM Sigmod Record},
  volume={28},
  number={2},
  pages={49--60},
  year={1999},
  organization={ACM}
}

@article{Grunwald:2005:Advances,
  title={Advances in minimum description length},
  author={Gr{\"u}nwald, Peter and Myung, In Jae and Pitt, Mark},
  year={2005},
  publisher={MIT Press}
}

@article{Chen:2003:Noisy,
  title={Noisy logo recognition using line segment Hausdorff distance},
  author={Chen, Jingying and Leung, Maylor K and Gao, Yongsheng},
  journal={Pattern recognition},
  volume={36},
  number={4},
  pages={943--955},
  year={2003},
  publisher={Elsevier}
}

@inproceedings{Andrienko:2011:Movement,
  title={From movement tracks through events to places: Extracting and characterizing significant places from mobility data},
  author={Andrienko, Gennady and Andrienko, Natalia and Hurter, Christophe and Rinzivillo, Salvatore and Wrobel, Stefan},
  booktitle={IEEE Symposium on Visual Analytics Science and Technology},
  pages={161--170},
  year={2011},
  organization={IEEE}
}

@inproceedings{Andrienko:2009:Analysis,
  title={Analysis of community-contributed space-and time-referenced data (example of Panoramio photos)},
  author={Andrienko, Gennady and Andrienko, Natalia and Bak, Peter and Kisilevich, Slava and Keim, Daniel},
  booktitle={Proceedings of the 17th ACM SIGSPATIAL international conference on advances in geographic information systems},
  pages={540--541},
  year={2009},
  organization={ACM}
}

@inproceedings{Fuchs:2013:Extracting,
  title={Extracting personal behavioral patterns from geo-referenced tweets},
  author={Fuchs, Georg and Andrienko, Gennady and Andrienko, Natalia and Jankowski, Piotr},
  year={2013},
  booktitle={AGILE}
}

@incollection{Gabrielli:2014:Tweets,
  title={From tweets to semantic trajectories: mining anomalous urban mobility patterns},
  author={Gabrielli, Lorenzo and Rinzivillo, Salvatore and Ronzano, Francesco and Villatoro, Daniel},
  booktitle={Citizen in Sensor Networks},
  pages={26--35},
  year={2014},
  publisher={Springer}
}

@inproceedings{Nabo:2014:Annotating,
  title={Annotating Trajectories by Fusing them with Social Media Users' Posts},
  author={Nabo, Ricardo Gil Belther and Fileto, Renato and Renso, C and Nanni, M},
  booktitle={Brazilian Symposium on Geoinformatics, GeoInfo, Campos do Jordao, SP, Brazil (submitted)},
  year={2014}
}

%visualization
@inproceedings{Kisilevich:2010:Event,
  title={Event-based analysis of people's activities and behavior using Flickr and Panoramio geotagged photo collections},
  author={Kisilevich, Slava and Krstajic, Milos and Keim, Daniel and Andrienko, Natalia and Andrienko, Gennady},
  booktitle={Information Visualisation (IV), 2010 14th International Conference},
  pages={289--296},
  year={2010},
  organization={IEEE}
}

@book{Andrienko:2013:Visual,
  title={Visual analytics of movement},
  author={Andrienko, Gennady and Andrienko, Natalia and Bak, Peter and Keim, Daniel and Wrobel, Stefan},
  year={2013},
  publisher={Springer Publishing Company, Incorporated}
}

@article{Andrienko:2012:Visual,
  title={Visual analytics for understanding spatial situations from episodic movement data},
  author={Andrienko, Natalia and Andrienko, Gennady and Stange, Hendrik and Liebig, Thomas and Hecker, Dirk},
  journal={KI-K{\"u}nstliche Intelligenz},
  volume={26},
  number={3},
  pages={241--251},
  year={2012},
  publisher={Springer}
}

@inproceedings{Vrotsou:2012:Interactive,
  title={Interactive exploration of events and presence of people in space and time through KD-photomap},
  author={Vrotsou, Katerina and Zhi, Haolin and Peca, Iulian and Andrienko, Gennady and Andrienko, Natalia},
  booktitle={Proceedings of the International Working Conference on Advanced Visual Interfaces},
  pages={804--805},
  year={2012},
  organization={ACM}
}

@article{Wang:2014:SparseTraffic,
	title={Visual Exploration of Sparse Traffic Trajectory Data},
	author={Wang, Zuchao and Ye, Tangzhi and Lu, Min and Yuan, Xiaoru and Qu, Huamin and Yuan, Jacky and Wu, Qianliang},
	journal = {IEEE Trans. on Visualization and Computer Graphics},
	volume = {20},
	number = {12},
	pages={1813--1822},
	year={2014},
}

@article{Wang:2013:Traffic_Jam,
 author = {Wang, Zuchao and Lu, Min and Yuan, Xiaoru and Zhang, Junping and Wetering, Huub van de},
 title = {Visual Traffic Jam Analysis Based on Trajectory Data},
 journal = {IEEE Trans. on Visualization and Computer Graphics},
 issue_date = {December 2013},
 volume = {19},
 number = {12},
 year = {2013},
 pages = {2159--2168},
 numpages = {10},
}


@ARTICLE{Adrienko:2011:TrajAggregation, 
	author={Adrienko, N. and Adrienko, G.}, 
	journal={IEEE Trans. Visualization and Computer Graphics}, 
	title={Spatial Generalization and Aggregation of Massive Movement Data}, 
	year={2011}, 
	month={Feb}, 
	volume={17}, 
	number={2}, 
	pages={205-219}, 
	ISSN={1077-2626},
}

@ARTICLE{Andrienko:2013:GroupMovement, 
	author={Andrienko, N. and Andrienko, G. and Barrett, L. and Dostie, M. and Henzi, P.}, 
	journal={IEEE Trans. Visualization and Computer Graphics}, 
	title={Space Transformation for Understanding Group Movement}, 
	year={2013}, 
	month={Dec}, 
	volume={19}, 
	number={12}, 
	pages={2169-2178}, 
	ISSN={1077-2626},
}

@inproceedings{lampe2011interactive,
  title={Interactive visualization of streaming data with kernel density estimation},
  author={Lampe, Ove Daae and Hauser, Helwig},
  booktitle={Pacific Visualization Symposium (PacificVis), 2011 IEEE},
  pages={171--178},
  year={2011},
  organization={IEEE}
}

@inproceedings{scheepens2011interactive,
  title={Interactive visualization of multivariate trajectory data with density maps},
  author={Scheepens, Roeland and Willems, Niels and van de Wetering, Huub and van Wijk, Jarke J},
  booktitle={Pacific Visualization Symposium (PacificVis), 2011 IEEE},
  pages={147--154},
  year={2011},
  organization={IEEE}
}

@article{scheepens2011composite,
  title={Composite density maps for multivariate trajectories},
  author={Scheepens, Roeland and Willems, Niels and van de Wetering, Huub and Andrienko, Gennady and Andrienko, Natalia and van Wijk, Jarke J},
  journal={IEEE Trans. Visualization and Computer Graphics},
  volume={17},
  number={12},
  pages={2518--2527},
  year={2011},
  publisher={IEEE}
}

@ARTICLE{zeng2014, 
author={Wei Zeng and Chi-Wing Fu and Arisona, S.M. and Erath, A. and Huamin Qu}, 
journal={IEEE Trans. Visualization and Computer Graphics}, 
title={Visualizing Mobility of Public Transportation System}, 
year={2014}, 
month={Dec}, 
volume={20}, 
number={12}, 
pages={1833-1842}, 
ISSN={1077-2626},}

@article{Andrienko:2007:Visual,
  title={Visual analytics tools for analysis of movement data},
  author={Andrienko, Gennady and Andrienko, Natalia and Wrobel, Stefan},
  journal={ACM SIGKDD Explorations Newsletter},
  volume={9},
  number={2},
  pages={38--46},
  year={2007},
  publisher={ACM}
}

@INPROCEEDINGS{Guo2011TripVista, 
author={Hanqi Guo and Zuchao Wang and Bowen Yu and Huijing Zhao and Xiaoru Yuan}, 
booktitle={Pacific Visualization Symposium (PacificVis), 2011 IEEE}, 
title={TripVista: Triple Perspective Visual Trajectory Analytics and its application on microscopic traffic data at a road intersection}, 
year={2011}, 
month={March}, 
pages={163-170}, }

@INPROCEEDINGS{Kapler2004, 
author={Kapler, T. and Wright, W.}, 
booktitle={Information Visualization, 2004. INFOVIS 2004. IEEE Symposium on}, 
title={GeoTime information visualization}, 
year={2004}, 
month={Oct}, 
pages={25-32}, 
ISSN={1522-404X},}

@article{Hurter:2009:FromDaDy,
 author = {Hurter, Christophe and Tissoires, Benjamin and Conversy, St{\'e}phane},
 title = {FromDaDy: Spreading Aircraft Trajectories Across Views to Support Iterative Queries},
 journal = {IEEE Trans. on Visualization and Computer Graphics},
 issue_date = {November 2009},
 volume = {15},
 number = {6},
 month = nov,
 year = {2009},
 issn = {1077-2626},
 pages = {1017--1024},
 numpages = {8},
 publisher = {IEEE Educational Activities Department},
}

%anomaly detection
@inproceedings{ristic2008statistical,
  title={Statistical analysis of motion patterns in AIS data: Anomaly detection and motion prediction},
  author={Ristic, Branko and La Scala, Barbara and Morelande, Mark and Gordon, Neil},
  booktitle={Information Fusion, 2008 11th International Conference on},
  pages={1--7},
  year={2008},
  organization={IEEE}
}

@ARTICLE{Zhao2014FluxFlow, 
author={Jian Zhao and Nan Cao and Zhen Wen and Yale Song and Yu-Ru Lin and Collins, C.}, 
journal={IEEE Trans. Visualization and Computer Graphics}, 
title={ #x0023;FluxFlow: Visual Analysis of Anomalous Information Spreading on Social Media}, 
year={2014}, 
month={Dec}, 
volume={20}, 
number={12}, 
pages={1773-1782}, 
doi={10.1109/TVCG.2014.2346922}, 
ISSN={1077-2626},}

%twitter
@article{Andrienko:2013:TPG,
 author = {Andrienko, Gennady and Andrienko, Natalia and Bosch, Harald and Ertl, Thomas and Fuchs, Georg and Jankowski, Piotr and Thom, Dennis},
 title = {Thematic Patterns in Georeferenced Tweets Through Space-Time Visual Analytics},
 journal = {Computing in Science and Engg.},
 issue_date = {May 2013},
 volume = {15},
 number = {3},
 month = may,
 year = {2013},
 issn = {1521-9615},
 pages = {72--82},
 numpages = {11},
 publisher = {IEEE Educational Activities Department},
} 

@inproceedings{Krueger:2014:VAM,
 author = {Krueger, Robert and Thom, Dennis and Ertl, Thomas},
 title = {Visual Analysis of Movement Behavior Using Web Data for Context Enrichment},
 booktitle = {Proceedings of the 2014 IEEE Pacific Visualization Symposium},
 series = {PACIFICVIS '14},
 year = {2014},
 isbn = {978-1-4799-2874-3},
 pages = {193--200},
 numpages = {8},
 acmid = {2607112},
 publisher = {IEEE Computer Society},
 }

@article{Luboschik:2008:Particle,
  title={Particle-based labeling: Fast point-feature labeling without obscuring other visual features},
  author={Luboschik, Martin and Schumann, Heidrun and Cords, Hilko},
  journal={IEEE Trans. Visualization and Computer Graphics},
  volume={14},
  number={6},
  pages={1237--1244},
  year={2008},
  publisher={IEEE}
}

@article{Viegas:2008:Timelines,
  title={Timelines tag clouds and the case for vernacular visualization},
  author={Vi{\'e}gas, Fernanda B and Wattenberg, Martin},
  journal={interactions},
  volume={15},
  number={4},
  pages={49--52},
  year={2008},
  publisher={ACM}
}

@article{Dork:2010:Visual,
  title={A visual backchannel for large-scale events},
  author={Dork, Marian and Gruen, Daniel and Williamson, Carey and Carpendale, Sheelagh},
  journal={IEEE Trans. Visualization and Computer Graphics},
  volume={16},
  number={6},
  pages={1129--1138},
  year={2010},
  publisher={IEEE}
}

@inproceedings{Bergstrand:2011:VRT,
 author = {Bergstrand, Fredrik and Landgren, Jonas},
 title = {Visual Reporting in Time-critical Work: Exploring Video Use in Emergency Response},
 booktitle = {Proceedings of the 13th International Conference on Human Computer Interaction with Mobile Devices and Services},
 series = {MobileHCI '11},
 year = {2011},
 isbn = {978-1-4503-0541-9},
 location = {Stockholm, Sweden},
 pages = {415--424},
 numpages = {10},
 url = {http://doi.acm.org/10.1145/2037373.2037436},
 doi = {10.1145/2037373.2037436},
 acmid = {2037436},
 publisher = {ACM},
 address = {New York, NY, USA},
 keywords = {design, emergency response, mobile phones, video broadcasting, visual reporting},
}

@inproceedings{Liao:2010:Anomaly,
  title={Anomaly detection in GPS data based on visual analytics},
  author={Liao, Zicheng and Yu, Yizhou and Chen, Baoquan},
  booktitle={IEEE Symposium on Visual Analytics Science and Technology},
  pages={51--58},
  year={2010},
  organization={IEEE}
}

@inproceedings{Lee:2008:Trajectory,
  title={Trajectory outlier detection: A partition-and-detect framework},
  author={Lee, Jae-Gil and Han, Jiawei and Li, Xiaolei},
  booktitle={IEEE International Conference on Data Engineering},
  pages={140--149},
  year={2008},
  organization={IEEE}
}

@article{Chae:2014:Public,
  title={Public behavior response analysis in disaster events utilizing visual analytics of microblog data},
  author={Chae, Junghoon and Thom, Dennis and Jang, Yun and Kim, SungYe and Ertl, Thomas and Ebert, David S},
  journal={Computers \& Graphics},
  volume={38},
  pages={51--60},
  year={2014},
  publisher={Elsevier}
}

@misc{Purdue:2014:Webcam,
  author = {{Purdue University}},
  title = {Engineering Webcams},
  howpublished = {Retrieved December 3, 2014, \url{https://engineering.purdue.edu/ECN/WebCam}},
  year = {2014}, 
}

@book{Thomas:VA:2005,
    editor = {James J. Thomas and Kristin A. Cook},
    title = {Illuminating the Path: The R\&D Agenda for Visual Analytics},
    publisher = {IEEE Press},
    year = {2005}
}