@misc{earth:2015:online,
  author = {Cameron Beccario},
  title = { A project to visualize global weather conditions},
  howpublished = {Retrieved February 14, 2016, {https://github.com/cambecc/earth}},
  year = {2015}
}

@article{Kruger:FLOW:2005,
 author = {Kr\"{u}ger, Jens and Kipfer, Peter and Kondratieva, Polina and Westermann, R\"{u}diger},
 title = {A Particle System for Interactive Visualization  of {3D} Flows},
 journal = {IEEE Trans. on Visualization and Computer Graphics},
 volume = {11},
 issue = {6},
 year = {2005},
 pages = {744--756},
 numpages = {13},
} 

@misc{NYC:2016:Taxi,
  author = {NYC Taxi and Limousine Commission},
  title = {TLC Trip Record Data},
  howpublished = {Retrieved February 14, 2016, {http://www.nyc.gov}},
  year = {2016}
}

@article{Hyndman:2006:Another,
  title={Another look at measures of forecast accuracy},
  author={Hyndman, Rob J and Koehler, Anne B},
  journal={International journal of forecasting},
  volume={22},
  number={4},
  pages={679--688},
  year={2006},
  publisher={Elsevier}
}

@inproceedings{Zheng:2009:Mining,
  title={Mining interesting locations and travel sequences from GPS trajectories},
  author={Zheng, Yu and Zhang, Lizhu and Xie, Xing and Ma, Wei-Ying},
  booktitle={Proceedings of the 18th international conference on World wide web},
  pages={791--800},
  year={2009},
  organization={ACM}
}

@article{Maciejewski:2011:Forecasting,
  title={Forecasting hotspotsâ€”A predictive analytics approach},
  author={Maciejewski, Ross and Hafen, Ryan and Rudolph, Stephen and Larew, Stephen G and Mitchell, Michael A and Cleveland, William S and Ebert, David S},
  journal={Visualization and Computer Graphics, IEEE Transactions on},
  volume={17},
  number={4},
  pages={440--453},
  year={2011},
  publisher={IEEE}
}

@inproceedings {Chae:2015:Trajectory,
	booktitle = {EuroVis Workshop on Visual Analytics (EuroVA)},
	editor = {E. Bertini and J. C. Roberts},
	title = {{Trajectory-based Visual Analytics for Anomalous Human Movement Analysis using Social Media}},
	author = {Chae, Junghoon and Cui, Yuchen and Jang, Yun and Wang, Guizhen and Malik, Abish and Ebert, David S.},
	year = {2015},
	publisher = {The Eurographics Association},
	DOI = {10.2312/eurova.20151102}
}

@article{Wang:2014:Visual,
  title={Visual exploration of sparse traffic trajectory data},
  author={Wang, Zuchao and Ye, Tangzhi and Lu, Min and Yuan, Xiaoru and Qu, Huamin and Yuan, Jiaxin and Wu, Qianliang},
  journal={IEEE Trans. on Visualization and Computer Graphics},
  volume={20},
  number={12},
  pages={1813--1822},
  year={2014},
  publisher={IEEE}
}

@inproceedings{Wei:2012:Constructing,
  title={Constructing popular routes from uncertain trajectories},
  author={Wei, Ling-Yin and Zheng, Yu and Peng, Wen-Chih},
  booktitle={Proceedings of the 18th ACM SIGKDD international conference on Knowledge discovery and data mining},
  pages={195--203},
  year={2012},
  organization={ACM}
}

@article{Malik:2014:Proactive,
  title={Proactive spatiotemporal resource allocation and predictive visual analytics for community policing and law enforcement},
  author={Malik, Anuj and Maciejewski, Ross and Towers, Sherry and McCullough, Sean and Ebert, David S},
  journal={IEEE Trans. on Visualization and Computer Graphics},
  volume={20},
  number={12},
  pages={1863--1872},
  year={2014},
  publisher={IEEE}
}

@article{Kok:2015:Crowd,
  title={Crowd behavior analysis: A review where physics meets biology},
  author={Kok, Ven Jyn and Lim, Mei Kuan and Chan, Chee Seng},
  journal={Neurocomputing},
  year={2015},
  publisher={Elsevier}
}

@article{Henderson:1974:Fluid,
  title={On the fluid mechanics of human crowd motion},
  author={Henderson, LF},
  journal={Transportation research},
  volume={8},
  number={6},
  pages={509--515},
  year={1974},
  publisher={Elsevier}
}

@article{Helbing:2007:Crowd,
  title={Crowd turbulence: the physics of crowd disasters},
  author={Helbing, Dirk and Johansson, Anders and Al-Abideen, Habib Z},
  journal={arXiv preprint arXiv:0708.3339},
  year={2007}
}

@article{Dalziel:2013:Human,
  title={Human mobility patterns predict divergent epidemic dynamics among cities},
  author={Dalziel, Benjamin D and Pourbohloul, Babak and Ellner, Stephen P},
  journal={Proceedings of the Royal Society of London B: Biological Sciences},
  volume={280},
  number={1766},
  pages={20130763},
  year={2013},
  publisher={The Royal Society}
}

@article{Monreale:2010:Movement,
  title={Movement Data Anonymity through Generalization.},
  author={Monreale, Anna and Andrienko, Gennady L and Andrienko, Natalia V and Giannotti, Fosca and Pedreschi, Dino and Rinzivillo, Salvatore and Wrobel, Stefan},
  journal={Transactions on Data Privacy},
  volume={3},
  number={2},
  pages={91--121},
  year={2010}
}

@book{Laube:2014:Computational,
  title={Computational movement analysis},
  author={Laube, Patrick},
  year={2014},
  publisher={Springer}
}

@article{Li:2012:Prediction,
  title={Prediction of urban human mobility using large-scale taxi traces and its applications},
  author={Li, Xiaolong and Pan, Gang and Wu, Zhaohui and Qi, Guande and Li, Shijian and Zhang, Daqing and Zhang, Wangsheng and Wang, Zonghui},
  journal={Frontiers of Computer Science},
  volume={6},
  number={1},
  pages={111--121},
  year={2012},
  publisher={Springer}
}

@inproceedings{Kim:2011:Adnext,
  title={AdNext: a visit-pattern-aware mobile advertising system for urban commercial complexes},
  author={Kim, Byoungjip and Ha, Jin-Young and Lee, SangJeong and Kang, Seungwoo and Lee, Youngki and Rhee, Yunseok and Nachman, Lama and Song, Junehwa},
  booktitle={Proceedings of the 12th Workshop on Mobile Computing Systems and Applications},
  pages={7--12},
  year={2011},
  organization={ACM}
}

@inproceedings{Assam:2014:Check,
  title={Check-in location prediction using wavelets and conditional random fields},
  author={Assam, Roland and Seidl, Thomas},
  booktitle={IEEE International Conference on Data Mining},
  pages={713--718},
  year={2014},
  organization={IEEE}
}

@inproceedings{Yuan:2013:Reconstructing,
  title={Reconstructing individual mobility from smart card transactions: A space alignment approach},
  author={Yuan, Nicholas Jing and Wang, Yingzi and Zhang, Fuzheng and Xie, Xing and Sun, Guangzhong},
  booktitle={IEEE International Conference on Data Mining},
  pages={877--886},
  year={2013},
  organization={IEEE}
}

@inproceedings{Mathew:2012:Predicting,
  title={Predicting future locations with hidden Markov models},
  author={Mathew, Wesley and Raposo, Ruben and Martins, Bruno},
  booktitle={Proceedings of the 2012 ACM conference on ubiquitous computing},
  pages={911--918},
  year={2012},
  organization={ACM}
}

@incollection{Herder:2014:Predicting,
  title={Predicting user locations and trajectories},
  author={Herder, Eelco and Siehndel, Patrick and Kawase, Ricardo},
  booktitle={User modeling, adaptation, and personalization},
  pages={86--97},
  year={2014},
  publisher={Springer}
}


@inproceedings{Bao:2012:Location,
  title={Location-based and preference-aware recommendation using sparse geo-social networking data},
  author={Bao, Jie and Zheng, Yu and Mokbel, Mohamed F},
  booktitle={Proceedings of the 20th International Conference on Advances in Geographic Information Systems},
  pages={199--208},
  year={2012},
  organization={ACM}
}

@article{Song:2010:Limits,
  title={Limits of predictability in human mobility},
  author={Song, Chaoming and Qu, Zehui and Blumm, Nicholas and Barab{\'a}si, Albert-L{\'a}szl{\'o}},
  journal={Science},
  volume={327},
  number={5968},
  pages={1018--1021},
  year={2010},
  publisher={American Association for the Advancement of Science}
}

@inproceedings{Xue:2013:Destination,
  title={Destination prediction by sub-trajectory synthesis and privacy protection against such prediction},
  author={Xue, Andy Yuan and Zhang, Rui and Zheng, Yu and Xie, Xing and Huang, Jin and Xu, Zhenghua},
  booktitle={IEEE International Conference on Data Engineering},
  pages={254--265},
  year={2013},
  organization={IEEE}
}

@inproceedings{Ying:2011:Semantic,
  title={Semantic trajectory mining for location prediction},
  author={Ying, Josh Jia-Ching and Lee, Wang-Chien and Weng, Tz-Chiao and Tseng, Vincent S},
  booktitle={Proceedings of the 19th ACM SIGSPATIAL International Conference on Advances in Geographic Information Systems},
  pages={34--43},
  year={2011},
  organization={ACM}
}

@inproceedings{Monreale:2009:Wherenext,
  title={Wherenext: a location predictor on trajectory pattern mining},
  author={Monreale, Anna and Pinelli, Fabio and Trasarti, Roberto and Giannotti, Fosca},
  booktitle={Proceedings of the 15th ACM SIGKDD international conference on Knowledge discovery and data mining},
  pages={637--646},
  year={2009},
  organization={ACM}
}

@article{Hughes:2003:Flow,
  title={The flow of human crowds},
  author={Hughes, Roger L},
  journal={Annual review of fluid mechanics},
  volume={35},
  number={1},
  pages={169--182},
  year={2003},
  publisher={Annual Reviews 4139 El Camino Way, PO Box 10139, Palo Alto, CA 94303-0139, USA}
}

